@article{BCI_calibration_vs_feedback,
  title={Towards adaptive classification for BCI},
  author={Shenoy, Pradeep and Krauledat, Matthias and Blankertz, Benjamin and Rao, Rajesh PN and M{\"u}ller, Klaus-Robert},
  journal={Journal of neural engineering},
  volume={3},
  number={1},
  pages={R13},
  year={2006},
  publisher={IOP Publishing}
}

@article{bci_direction,
  title={Towards a cure for BCI illiteracy},
  author={Vidaurre, Carmen and Blankertz, Benjamin},
  journal={Brain topography},
  volume={23},
  number={2},
  pages={194--198},
  year={2010},
  publisher={Springer}
}

@article{bci_ml,
  title={A generalizable brain-computer interface (BCI) using machine learning for feature discovery},
  author={Nurse, Ewan S and Karoly, Philippa J and Grayden, David B and Freestone, Dean R},
  journal={PloS one},
  volume={10},
  number={6},
  pages={e0131328},
  year={2015},
  publisher={Public Library of Science San Francisco, CA USA}
}

@inproceedings{co_adapt_and_feedback,
  title={The Effect of Co-adaptive Learning \& Feedback in Interactive Machine Learning},
  author={Zbyszynski, Michael and Di Donato, Balandino and Tanaka, Atau},
  year={2019},
  publisher={ACM},
  booktitle={ACM CHI: Human-Centered Machine Learning Perspectives Workshop at Glasgow 2019}
}

@article{cue_co_adaptive_BCI,
  title={Co-adaptive calibration to improve BCI efficiency},
  author={Vidaurre, Carmen and Sannelli, Claudia and M{\"u}ller, Klaus-Robert and Blankertz, Benjamin},
  journal={Journal of neural engineering},
  volume={8},
  number={2},
  pages={025009},
  year={2011},
  publisher={IOP Publishing}
}

@inproceedings{cueTip,
  title={CueTIP: a mixed-initiative interface for correcting handwriting errors},
  author={Shilman, Michael and Tan, Desney S and Simard, Patrice},
  booktitle={Proceedings of the 19th annual ACM symposium on User interface software and technology},
  pages={323--332},
  year={2006}
}

@inproceedings{fiebrink_model_eval,
  title={Human model evaluation in interactive supervised learning},
  author={Fiebrink, Rebecca and Cook, Perry R and Trueman, Dan},
  booktitle={Proceedings of the SIGCHI Conference on Human Factors in Computing Systems},
  pages={147--156},
  year={2011}
}

@inproceedings{fiebrink_wekinator,
  title={A Meta-Instrument for Interactive, On-the-Fly Machine Learning.},
  author={Fiebrink, Rebecca and Trueman, Dan and Cook, Perry R},
  booktitle={NIME},
  pages={280--285},
  year={2009}
}

@inproceedings{moving_target,
  title={The moving target in creative interactive machine learning},
  author={Cartwright, M and Pardo, B},
  booktitle={Proceedings of the 2016 CHI Conference Extended Abstracts on Human Factors in Computing Systems (CHI EAâ€™16). San Jose, California, USA},
  year={2016}
}

@inproceedings{progressive_co_adapt,
  title={Progressive co-adaptation in human-machine interaction},
  author={Gallina, Paolo and Bellotto, Nicola and Di Luca, Massimiliano},
  booktitle={2015 12th International Conference on Informatics in Control, Automation and Robotics (ICINCO)},
  volume={2},
  pages={362--368},
  year={2015},
  organization={IEEE}
}

@article{ecog_speech,
  title={Speech synthesis from ECoG using densely connected 3D convolutional neural networks},
  author={Angrick, Miguel and Herff, Christian and Mugler, Emily and Tate, Matthew C and Slutzky, Marc W and Krusienski, Dean J and Schultz, Tanja},
  journal={Journal of neural engineering},
  volume={16},
  number={3},
  pages={036019},
  year={2019},
  publisher={IOP Publishing}
}

@book{fiebrink_phd_thesis,
  title={Real-time human interaction with supervised learning algorithms for music composition and performance},
  author={Fiebrink, Rebecca Anne},
  year={2011},
  publisher={Citeseer}
}

@inproceedings{high_level_knob,
  title={Active learning of intuitive control knobs for synthesizers using gaussian processes},
  author={Huang, Cheng-Zhi Anna and Duvenaud, David and Arnold, Kenneth C and Partridge, Brenton and Oberholtzer, Josiah W and Gajos, Krzysztof Z},
  booktitle={Proceedings of the 19th international conference on Intelligent User Interfaces},
  pages={115--124},
  year={2014}
}

@article{unsupervised_co_adap,
  title={Toward unsupervised adaptation of LDA for brain--computer interfaces},
  author={Vidaurre, Carmen and Kawanabe, Motoaki and von B{\"u}nau, Paul and Blankertz, Benjamin and M{\"u}ller, Klaus-Robert},
  journal={IEEE Transactions on Biomedical Engineering},
  volume={58},
  number={3},
  pages={587--597},
  year={2010},
  publisher={IEEE}
}

@article{hand_pose,
  title={Interactive hand pose estimation using a stretch-sensing soft glove},
  author={Glauser, Oliver and Wu, Shihao and Panozzo, Daniele and Hilliges, Otmar and Sorkine-Hornung, Olga},
  journal={ACM Transactions on Graphics (TOG)},
  volume={38},
  number={4},
  pages={1--15},
  year={2019},
  publisher={ACM New York, NY, USA}
}

@inproceedings{iml_fails_olsen,
  title={Interactive machine learning},
  author={Fails, Jerry Alan and Olsen Jr, Dan R},
  booktitle={Proceedings of the 8th international conference on Intelligent user interfaces},
  pages={39--45},
  year={2003}
}

@inproceedings{glove_talk_ii,
  title={Glove-TalkII: an adaptive gesture-to-formant interface},
  author={Fels, Sidney and Hinton, Geoffrey},
  booktitle={Proceedings of the SIGCHI conference on Human factors in computing systems},
  pages={456--463},
  year={1995}
}

@article{irs,
  title={Interactive Rainbow Score: A Visual-centered Multimodal Flute Tutoring System},
  author={Chin, Daniel and Zhang, Yian and Zhang, Tianyu and Zhao, Jake and Xia, Gus G},
  journal={arXiv preprint arXiv:2004.13908},
  year={2020}
}

@article{zuhequan,
  title={Adaptive Multimodal Music Learning via Interactive-haptic Instrument},
  author={Zhang, Yian and Li, Yinmiao and Chin, Daniel and Xia, Gus},
  journal={arXiv preprint arXiv:1906.01197},
  year={2019}
}

@article{force_mode,
  title={ShIFT: A Semi-haptic Interface for Flute Tutoring},
  author={Xia, Gus and Jacobsen, Carter and Chen, Qianwen and Yang, Xingdong and Dannenberg, Roger},
  journal={arXiv preprint arXiv:1803.06625},
  year={2018}
}

@misc{comm_with_cartwright,
  author={Cartwright, Mark},
  howpublished="Email communication"
}
